%
% TODO: Convexity?
% TODO: Hierarchical clustering?
% TODO: Rand measure (similarity between clusterings)?

% Structured SVM
@inproceedings{tsochantaridis2004support,
  title={Support vector machine learning for interdependent and structured output spaces},
  author={Tsochantaridis, Ioannis and Hofmann, Thomas and Joachims, Thorsten and Altun, Yasemin},
  booktitle={Proceedings of the twenty-first international conference on Machine learning},
  pages={104},
  year={2004},
  organization={ACM}
}

% Structured SVM/margin rescaling
@article{koller2003max,
  title={Max-margin Markov networks},
  author={Koller, Ben Taskar Carlos Guestrin Daphne},
  year={2003}
}

% Structured Perceptron
@inproceedings{collins2002discriminative,
  title={Discriminative training methods for hidden markov models: Theory and experiments with perceptron algorithms},
  author={Collins, Michael},
  booktitle={Proceedings of the ACL-02 conference on Empirical methods in natural language processing-Volume 10},
  pages={1--8},
  year={2002},
  organization={Association for Computational Linguistics}
}

% Binary SVM
@misc{vapnik1998statistical,
  title={Statistical learning theory (adaptive and learning systems for signal processing, communications and control series)},
  author={Vapnik, Vladimir N},
  year={1998},
  publisher={John Wiley \& Sons, New York. A Wiley-Interscience Publication}
}

% Multiclass SVM
@article{crammer2002algorithmic,
  title={On the algorithmic implementation of multiclass kernel-based vector machines},
  author={Crammer, Koby and Singer, Yoram},
  journal={The Journal of Machine Learning Research},
  volume={2},
  pages={265--292},
  year={2002},
  publisher={JMLR. org}
}

% Also Multiclass SVM
@techreport{weston1998multi,
  title={Multi-class support vector machines},
  author={Weston, Jason and Watkins, Chris},
  year={1998},
  institution={Citeseer}
}

% SGD algorithm implementation/learning rate (Pegasos)
@article{shalev2011pegasos,
  title={Pegasos: Primal estimated sub-gradient solver for svm},
  author={Shalev-Shwartz, Shai and Singer, Yoram and Srebro, Nathan and Cotter, Andrew},
  journal={Mathematical programming},
  volume={127},
  number={1},
  pages={3--30},
  year={2011},
  publisher={Springer}
}

% SGD more generally
@book{yin2003stochastic,
  title={Stochastic approximation and recursive algorithms and applications},
  author={Yin, G George and Kushner, Harold Joseph},
  year={2003},
  publisher={Springer}
}

% Self paced learning
% Inspiration for objective function (select cost weights to turn on)
@inproceedings{kumar2010self,
  title={Self-Paced Learning for Latent Variable Models.},
  author={Kumar, M Pawan and Packer, Benjamin and Koller, Daphne},
  booktitle={NIPS},
  volume={1},
  pages={3},
  year={2010}
}

% Curriculum Learning
@inproceedings{bengio2009curriculum,
  title={Curriculum learning},
  author={Bengio, Yoshua and Louradour, J{\'e}r{\^o}me and Collobert, Ronan and Weston, Jason},
  booktitle={Proceedings of the 26th annual international conference on machine learning},
  pages={41--48},
  year={2009},
  organization={ACM}
}

% Confidence weighted learning
@inproceedings{dredze2008confidence,
  title={Confidence-weighted linear classification},
  author={Dredze, Mark and Crammer, Koby and Pereira, Fernando},
  booktitle={Proceedings of the 25th international conference on Machine learning},
  pages={264--271},
  year={2008},
  organization={ACM}
}

% Hidden variable learning by state splitting
% From http://www.cs.cmu.edu/~nasmith/papers/career-proposal-2010.pdf 
@book{petrov2011coarse,
  title={Coarse-to-fine natural language processing},
  author={Petrov, Slav},
  year={2011},
  publisher={Springer}
}

% Finite state output encodings
% From http://www.cs.cmu.edu/~nasmith/papers/career-proposal-2010.pdf 
@phdthesis{loper2008encoding,
  title={Encoding structured output values},
  author={Loper, Edward},
  year={2008},
  school={University of Pennsylvania}
}